%% Created using Papers on Sat, 08 Oct 2011.
%% http://mekentosj.com/papers/

@inproceedings{Panchanathan:2000gs,
author = {Panchanathan, S and Park, Y C and Kim, K S and Kim, P K and Golshani, F},
title = {{The role of color in content-based image retrieval}},
booktitle = {Proceedings. 2000 International Conference on Image Processing},
year = {2000}
}

@inproceedings{Gabbouj:2009en,
author = {Gabbouj, Moncef and Birinci, Murat and Kiranyaz, Serkan},
title = {{Perceptual color descriptor based on a spatial distribution model: Proximity histograms}},
booktitle = {2009 International Conference on Multimedia Computing and Systems (ICMCS)},
year = {2009}
}

@article{Mojsilovic:2002gr,
author = {Mojsilovic, A and Hu, H and Soljanin, E},
title = {{Extraction of perceptually important colors and similarity measurement for image matching, retrieval and analysis}},
journal = {IEEE Transactions on Image Processing},
year = {2002}
}

@inproceedings{Chang:2007bt,
author = {Chang, Yu-Chou and Lee, Dah-Jye},
title = {{Color Image Quantization Using Color Variation Measure}},
booktitle = {Proceedings of the 2007 IEEE Symposium on Computational Intelligence in Image and Signal Processing},
year = {2007}
}

@incollection{Brooke:1996ua,
author = {Brooke, J.},
title = {{SUS: A quick and dirty usability scale}},
booktitle = {Usability evaluation in industry},
year = {1996}
}

@article{Albuz:1999p284,
author = {Albuz, Elif and Kocalar, Erturk and Khokhar, Ashfaq A},
title = {{Scalable Color Image Indexing And Retrieval Using Vector Wavelets}},
year = {1999}
}

@article{Strong:2009p413,
author = {Strong, Grant and Gong, Minglun},
title = {{Organizing and browsing photos using different feature vectors and their evaluations}},
journal = {CIVR '09: Proceeding of the ACM International Conference on Image and Video Retrieval},
year = {2009}
}

@article{Porta:2006p416,
author = {Porta, Marco},
title = {{Browsing large collections of images through unconventional visualization techniques}},
journal = {AVI '06: Proceedings of the working conference on Advanced visual interfaces},
year = {2006}
}

@article{Torralba:2008p527,
author = {Torralba, Antonio and Fergus, Rob and William T Freeman},
title = {{80 Million Tiny Images: A Large Data Set for Nonparametric Object and Scene Recognition}},
journal = {IEEE Trans. Pattern Anal. Mach. Intell.},
year = {2008}
}

@article{Cooper:2006p543,
author = {Cooper, Katy and Bruijn, Oscar and Spence, Robert and Witkowski, Mark},
title = {{A comparison of static and moving presentation modes for image collections}},
journal = {AVI '06: Proceedings of the working conference on Advanced visual interfaces},
year = {2006}
}

@article{Bruijn:2000p567,
author = {Bruijn, Oscar and Spence, Robert},
title = {{Rapid serial visual presentation: a space-time trade-off in information presentation}},
journal = {AVI '00: Proceedings of the working conference on Advanced visual interfaces},
year = {2000}
}

@article{Krishnamachari:1999p682,
author = {Krishnamachari, S and Abdel-Mottaleb, M},
title = {{Image browsing using hierarchical clustering}},
journal = {Computers and Communications, 1999. Proceedings. IEEE International Symposium on},
year = {1999}
}

@article{Rodden:2001p731,
author = {Rodden, Kerry and Basalaj, W and Sinclair, D and Wood, Kenneth R},
title = {{Does organisation by similarity assist image browsing?}},
journal = {Proceedings of the SIGCHI conference on Human factors in computing systems},
year = {2001}
}

@article{Azzam:2005p849,
author = {Azzam, IA and Leung, CHC and Horwood, JF},
title = {{A fuzzy expert system for concept-based image indexing and retrieval}},
year = {2005}
}

@article{Tan:2001p850,
author = {Tan, KL and Ooi, BC and Yee, CY},
title = {{An evaluation of color-spatial retrieval techniques for large image databases}},
journal = {Multimedia Tools and Applications},
year = {2001}
}

@article{Jain:1996p853,
author = {Jain, AK and Vailaya, A},
title = {{Image retrieval using color and shape}},
journal = {Pattern Recognition},
year = {1996}
}

@article{Tamura:2002p859,
author = {Tamura, H and Yokoya, N},
title = {{Image database systems: A survey}},
journal = {Pattern Recognition},
year = {2002}
}

@article{Chang:1988p891,
author = {Chang, SF and Yan, C and Dimitroff, D},
title = {{An intelligent image database system}},
journal = {IEEE Transactions on {\ldots}},
year = {1988}
}

@article{Deng:2009p913,
author = {Deng, J and Dong, W and Socher, R and Li, K and Fei-Fei, L},
title = {{Imagenet: A large-scale hierarchical image database}},
journal = {computer.org},
year = {2009}
}

@article{Minka:1996p918,
author = {Minka, T and Picard, R},
title = {{An image database browser that learns from user interaction}},
journal = {Master's thesis},
year = {1996}
}

@article{Berman:1999p943,
author = {Berman, AP and Shapiro, LG},
title = {{A Flexible Image Database System for Content-Based Retrieval}},
journal = {Computer Vision and Image Understanding},
year = {1999}
}

@article{Rui:1999p949,
author = {Rui, Y and Huang, TS and Chang, SF},
title = {{Image Retrieval: Current Techniques, Promising Directions, and Open Issues* 1}},
journal = {Journal of visual communication and image {\ldots}},
year = {1999}
}

@article{Heesch:2008p1094,
author = {Heesch, Daniel},
title = {{A survey of browsing models for content based image retrieval}},
journal = {Multimedia Tools and Applications},
year = {2008}
}

@article{Qiu:2007p1207,
author = {Qiu, G and Morris, J and Fan, X},
title = {{Visual guided navigation for image retrieval}},
journal = {Pattern Recognition},
year = {2007}
}

@article{Qiu:2011p1253,
author = {Qiu, G and Ye, L and Feng, X},
title = {{Fast image indexing and visual guided browsing}},
journal = {{\ldots} Workshop on Content-Based Multimedia Indexing}
}

@article{Combs:1999p1465,
author = {Combs, T},
title = {{Does zooming improve image browsing?}},
journal = {{\ldots} of the fourth ACM conference on {\ldots}},
year = {1999}
}

@article{Datta:2008p1604,
author = {Datta, R and Joshi, D and Li, J and Wang, J},
title = {{Image retrieval: Ideas, influences, and trends of the new age}},
journal = {ACM Computing Surveys (CSUR)},
year = {2008}
}

@article{Naaman:2004p1802,
author = {Naaman, M and Song, Y and Paepcke, A},
title = {{Automatic organization for digital photographs with geographic coordinates}},
journal = {Digital Libraries},
year = {2004}
}

@article{Schaefer:2010p1871,
author = {Schaefer, G},
title = {{A next generation browsing environment for large image repositories}},
journal = {Multimedia Tools and Applications},
year = {2010}
}

@article{Campbell:2000p2017,
author = {Campbell, I and van Rijsbergen, C},
title = {{The ostensive model of developing information-needs}},
journal = {Citeseer},
year = {2000}
}

@article{Minka:1996p2247,
author = {Minka, T and Picard, R},
title = {{Interactive learning with a ``Society of Models''}},
journal = {Computer Vision and Pattern Recognition, 1996. Proceedings CVPR '96, 1996 IEEE Computer Society Conference on},
year = {1996}
}

@article{Chen:1998p2344,
author = {Chen, Jau-Yuen and Bouman, Charles A and Dalton, John C},
title = {{Similarity pyramids for browsing and organization of large image databases}},
journal = {Human Vision and Electronic Imaging III},
year = {1998}
}

@article{Chen:2002p2469,
author = {Chen, Jau-Yuen and Bouman, Charles A},
title = {{Hierarchical browsing and search of large image databases}},
journal = {Image Processing},
year = {2002}
}

@article{Heesch:2004p2675,
author = {Heesch, Daniel and R{\"u}ger, Stefan},
title = {{NNk networks for content-based image retrieval}},
journal = {Advances in Information Retrieval},
year = {2004}
}

@article{Hsu:2009p2696,
author = {Hsu, SH and Cubaud, P and Jumpertz, S},
title = {{Phorigami: A Photo browser based on meta-categorization and origami visualization}},
journal = {Human-Computer Interaction. Novel Interaction Methods and Techniques},
year = {2009}
}

@article{Rodden:2003p2736,
author = {Rodden, Kerry and Wood, Kenneth R},
title = {{How do people manage their digital photographs?}},
journal = {Proceedings of the SIGCHI conference on {\ldots}},
year = {2003}
}

@article{Rodden:1999p2740,
author = {Rodden, Kerry},
title = {{How do people organise their photographs}},
journal = {BCS IRSG 21st Ann. Colloq. on Info. Retrieval {\ldots}},
year = {1999}
}

@article{Cunningham:6p2782,
author = {Cunningham, Sally and Masoodian, Masood},
title = {{Identifying personal photo digital library features}},
year = {6}
}

@article{Platt:2004p2831,
author = {Platt, J and Czerwinski, M},
title = {{Phototoc: Automatic clustering for browsing personal photographs}},
journal = {{\ldots} Communications and Signal {\ldots}},
year = {2004}
}

@article{Christmann:2006p2833,
author = {Christmann, O and Carbonell, N},
title = {{Browsing through 3D representations of unstructured picture collections: an empirical study}},
journal = {Proceedings of the working conference on Advanced visual interfaces},
year = {2006}
}

@article{Worring:2008p2876,
author = {Worring, M},
title = {{Interactive access to large image collections using similarity-based visualization}},
journal = {Journal of Visual Languages {\&} Computing},
year = {2008}
}

@inproceedings{Girgensohn:2010,
author = {Girgensohn, Andreas and Shipman, Frank and Turner, Thea and Wilcox, Lynn},
title = {{Flexible access to photo libraries via time place, tags, and visual features}},
booktitle = {Proceedings of the 10th annual joint conference on Digital libraries},
year = {2010}
}

@inproceedings{Sural:2002bt,
author = {Sural, S and Qian, Gang and Pramanik, S},
title = {{Segmentation and histogram generation using the HSV color space for image retrieval}},
booktitle = {Image Processing. 2002. Proceedings. 2002 International Conference on},
year = {2002}
}

@inproceedings{Bederson:2001:PZI:502348.502359,
author = {Bederson, Benjamin B},
title = {{PhotoMesa: a zoomable image browser using quantum treemaps and bubblemaps}},
booktitle = {Proceedings of the 14th annual ACM symposium on User interface software and technology},
year = {2001}
}

@article{10.1109/TABLETOP.2007.14,
author = {Hilliges, Otmar and Baur, Dominikus and Butz, Andreas},
title = {{Photohelix: Browsing, Sorting and Sharing Digital Photo Collections}},
journal = {Horizontal Interactive Human-Computer Systems, International Workshop on},
year = {2007}
}

@article{Fogarty:2008p3240,
author = {Fogarty, J and Tan, D and Kapoor, Ashish and Winder, Simon},
title = {{CueFlik: interactive concept learning in image search}},
journal = {Proceeding of the twenty-sixth annual SIGCHI conference on Human factors in computing systems},
year = {2008}
}

@inproceedings{Girgensohn:2009:MOP:1502650.1502711,
author = {Girgensohn, Andreas and Shipman, Frank and Wilcox, Lynn and Turner, Thea and Cooper, Matthew},
title = {{MediaGLOW: organizing photos in a graph-based workspace}},
year = {2009}
}

@article{Wojciech:1999p330,
author = {Wojciech, K and Basalaj, W and Sinclair, D},
title = {{Evaluating a Visualisation of Image Similarity as a Tool for Image Browsing}},
journal = {the IEEE Symposium on {\ldots}},
year = {1999}
}

@article{Fonseca:2003p3475,
author = {Fonseca, MJ and Jorge, JA},
title = {{NB-Tree: An indexing structure for content-based retrieval in large databases}},
journal = {Proc. of the 8th Int'l Conf. on Database Systems for Advanced Applications. Kyoto: IEEE Computer Society},
year = {2003}
}

@article{Bruls:2000p3517,
author = {Bruls, Mark and Huizing, Kees and Wijk, Jarke J Van},
title = {{Squarified Treemaps}},
year = {2000}
}

@inproceedings{Johnson:1991:TSA:949607.949654,
author = {Johnson, Brian and Shneiderman, Ben},
title = {{Treemaps: a space-filling approach to the visualization of hierarchical information structures}},
booktitle = {Proceedings of the 2nd conference on Visualization '91},
year = {1991}
}

@article{Hsu:2002p3675,
author = {Rein-Lien Hsu and Abdel-Mottaleb, M and Jain, A K},
title = {{Face detection in color images}},
journal = {IEEE Transactions on Pattern Analysis and Machine Intelligence},
year = {2002}
}

@article{Cooper:2003p3679,
author = {Cooper, M and Foote, J and Girgensohn, A},
title = {{Temporal event clustering for digital photo collections}},
journal = {ACM Trans. Multimedia Comput. Commun. Appl.},
year = {2005}
}

@article{Lee:1989p3680,
author = {Lee, Dah-Jye and Mitra, Sunanda and Krile, Thomas F},
title = {{Analysis of sequential complex images, using feature extraction and two-dimensional cepstrum techniques}},
journal = {Journal of the Optical Society of America A},
year = {1989}
}

@article{Fleming:1990p3688,
author = {Fleming, M},
title = {{Categorization of faces using unsupervised feature extraction}},
journal = {Neural Networks},
year = {1990}
}

@article{Chen:2003p3699,
author = {Chen, L and Hu, B and Zhang, L and Li, M},
title = {{Face annotation for family photo album management}},
journal = {International Journal of Image {\ldots}},
year = {2003}
}

@article{Nixon:2008p3703,
author = {Nixon, M},
title = {{Feature extraction and image processing}},
journal = {books.google.com},
year = {2008}
}

@article{Daniels:2007p3710,
author = {Daniels, J and Ha, L and Ochotta, T},
title = {{Robust smooth feature extraction from point clouds}},
journal = {computer.org},
year = {2007}
}

@article{Hong:1991p3713,
author = {Hong, Z},
title = {{Algebraic feature extraction of image for recognition}},
journal = {Pattern Recognition},
year = {1991}
}

@inproceedings{Zhang:2003db,
author = {Zhang, Ruofei and Zhang, Zhongfei Mark},
title = {{Addressing CBIR Efficiency, Effectiveness, and Retrieval Subjectivity Simultaneously}},
booktitle = {MIR '03: Proceedings of the 5th ACM SIGMM international workshop on Multimedia information retrieval},
year = {2003}
}

@phdthesis{Zaheer:2010p3735,
author = {Terroso, Eduardo Mayer},
title = {{An Image Organizer with Content-Based Image Retrieval}},
school = {Universidade Federal do Rio Grande do Sul},
year = {2008}
}

@article{Liu:2007p3740,
author = {Liu, Y and Zhang, D and Lu, G},
title = {{A survey of content-based image retrieval with high-level semantics}},
journal = {Pattern Recognition},
year = {2007}
}

@inproceedings{Datta:2005p3749,
author = {Datta, Ritendra and Li, Jia and Wang, James Z.},
title = {{Content-Based Image Retrieval - Approaches and Trends of the New Age}},
booktitle = {MIR '05 Proceedings of the 7th ACM SIGMM international workshop on Multimedia information retrieval},
year = {2005}
}

@phdthesis{Yung:2006p3759,
author = {Yung, Melissa Anne},
title = {{Content-Based Image Retrieval}},
school = {Clayton School of Information Technology},
year = {2006}
}

@inproceedings{Wan:2011bg,
author = {Wan, Shouhong and Jin, Peiquan and Yue, Lihua},
title = {{An Effective Image Retrieval Technique Based on Color Perception}},
booktitle = {Sixth International Conference on 
Image and Graphics (ICIG)},
year = {2011}
}

@article{Vasconcelos:2005in,
author = {Vasconcelos, N and Lippman, A},
title = {{A multiresolution manifold distance for invariant image similarity}},
journal = {IEEE Transactions on Multimedia},
year = {2005}
}

